@misc{Hodoscope,
    title = {{"Hodoscope," https://en.wikipedia.org/wiki/Hodoscope}},
    year = {2018},
    author = {The Free Encyclopedia, Wikipedia},
    url = {https://en.wikipedia.org/wiki/Hodoscope}
}

@misc{Muon_wiki,
    title = {{"Muon," https://en.wikipedia.org/wiki/Muon}},
    year = {2018},
    author = {The Free Encyclopedia, Wikipedia},
    url = {https://en.wikipedia.org/wiki/Muon}
}

@article{SiPM_3D_img,
    title = {{A 1 × 16 SiPM Array for Automotive 3D Imaging LiDAR Systems}},
    year = {2017},
    journal = {International Image Sensor Society},
    author = {Gnecchi, Salvatore and Jackson, Carl},
    pages = {133--136}
}

@article{Ruptura_metodo,
    title = {{A model based DC analysis of SiPM breakdown voltages}},
    year = {2017},
    journal = {Nuclear Instruments and Methods in Physics Research, Section A: Accelerators, Spectrometers, Detectors and Associated Equipment},
    author = {Nagy, Ferenc and Hegyesi, Gyula and Kalinka, Gábor and Moln{\'{a}}r, József},
    pages = {55--59},
    volume = {849},
    doi = {10.1016/j.nima.2017.01.002},
    issn = {01689002},
    keywords = {Avalanche turn-off, Avalanche turn-on, Breakdown voltage, I-V curve model, SiPM}
}

@phdthesis{Peltier_SIPM,
    title = {{A Peltier cooling system for SiPM temperature stabilization}},
    year = {2012},
    author = {Nieswand, Simon},
    school = {Rheinisch-Westf{\"{a}}lischen Technischen Hochschule Aachen}
}

@unpublished{SiPM_PET,
    title = {{Application Note 8x8 Silicon Photomultiplier Array PA3325-WB-0808 Evaluation for Positron Emission Tomography Application Note 8x8 Silicon Photomultiplier Array PA3325-WB-0808 Evaluation for Positron Emission Tomography}},
    year = {2016},
    author = {{KETEK GmbH}},
    pages = {4--5}
}

@misc{Arduino,
    title = {{Arduino UNO - Plataforma Open Source para el desarrollo de prototipos electr{\'{o}}nicos}},
    year = {2019},
    booktitle = {2019},
    author = {{Arduino.cl}},
    url = {http://arduino.cl/arduino-uno/}
}

@article{Break_voltage_dif_temp_SIPM,
    title = {{Breakdown voltage and triggering probability of SiPM from IV curves at different temperatures}},
    year = {2017},
    journal = {Nuclear Instruments and Methods in Physics Research Section A: Accelerators, Spectrometers, Detectors and Associated Equipment},
    author = {Dinu, N. and Nagai, A. and Para, A.},
    month = {2},
    pages = {64--68},
    volume = {845},
    publisher = {Elsevier},
    url = {http://linkinghub.elsevier.com/retrieve/pii/S0168900216305125},
    isbn = {9781467398626},
    doi = {10.1016/j.nima.2016.05.110},
    issn = {01689002},
    keywords = {Breakdown voltage, Geiger triggering probability, IV model, Silicon PhotoMultiplier}
}

@article{Sandoval2007,
    title = {{Celdas Peltier: Una alternativa para sistemas de enfriamiento con base en semiconductor.}},
    year = {2007},
    journal = {Instituto de Electr{\'{o}}nica},
    author = {Sandoval, AP and Espinosa, E and Barahona, JL},
    pages = {1--9},
    url = {http://www.utm.mx/~mtello/Extensos/extenso020709.pdf},
    keywords = {celda peltier, efecto peltier, semiconductores, temperatura}
}

@article{charct_noise,
    title = {{Characterisation of silicon photomultipliers based on statistical analysis of pulse-shape and time distributions}},
    year = {2018},
    author = {Girard, Olivier and Haefeli, Guido and Kuonen, Axel and Pescatore, Luca and Schneider, Olivier and Stramaglia, Maria Elena},
    url = {http://arxiv.org/abs/1808.05775},
    arxivId = {1808.05775},
    keywords = {breakdown voltage, characterisation, correlated noise, gain, photon detection efficiency, silicon photomultiplier sipm}
}

@article{charac_SIPM,
    title = {{Characterisation studies of silicon photomultipliers}},
    year = {2010},
    journal = {Nuclear Instruments and Methods in Physics Research, Section A: Accelerators, Spectrometers, Detectors and Associated Equipment},
    author = {Eckert, Patrick and Schultz-Coulon, Hans Christian and Shen, Wei and Stamen, Rainer and Tadday, Alexander},
    number = {2-3},
    pages = {217--226},
    volume = {620},
    isbn = {0168-9002},
    doi = {10.1016/j.nima.2010.03.169},
    issn = {01689002},
    arxivId = {1003.6071},
    keywords = {Geiger mode avalanche photodiode, Multi pixel photon counter, Photon detection efficiency, Silicon photomultiplier}
}

@article{Charct_dep_temp,
    title = {{Characterization of SiPM: Temperature dependencies}},
    year = {2008},
    journal = {IEEE Nuclear Science Symposium Conference Record},
    author = {Ramilli, Marco},
    number = {July},
    pages = {2467--2470},
    isbn = {9781424427154},
    doi = {10.1109/NSSMIC.2008.4774854},
    issn = {10957863},
    keywords = {Characterization, Silicon photo multipliers, Temperature depen-dance}
}

@article{Blue_SIPM,
    title = {{Characterization of Three High Efficiency and Blue Sensitive Silicon Photomultipliers}},
    year = {2016},
    author = {Otte, Adam Nepomuk and Garcia, Distefano and Nguyen, Thanh and Purushotham, Dhruv},
    month = {6},
    url = {http://arxiv.org/abs/1606.05186},
    doi = {10.1016/j.nima.2016.09.053},
    arxivId = {1606.05186},
    keywords = {characterization, g-apd, photon detector, silicon photomultiplier, sipm}
}

@misc{temp_machin,
    title = {{Colombia Mountain Weather Map}},
    year = {2018},
    booktitle = {https://www.mountain-forecast.com/peaks/Cerro-Machin/forecasts/2650},
    url = {https://www.mountain-forecast.com/peaks/Cerro-Machin/forecasts/2650}
}

@article{APD_gain,
    title = {{Comparative Study of Avalanche Photodiodes}},
    year = {2012},
    journal = {advancedphotonix},
    author = {Szawlowskitu, N I and Me, Ieee and W{\c{c}}grzecka, I Voski I and Wcgrzeckic, M}
}

@book{Astrom_control_PID,
    title = {{Computer-controlled systems : theory and design}},
    year = {2011},
    author = {{\AA}str{\"{o}}m, Karl J. (Karl Johan) and Wittenmark, Bjorn.},
    pages = {557},
    publisher = {Dover Publications},
    isbn = {0486486133}
}

@inproceedings{Deisgn_LED_driver,
    title = {{DESIGN AND PERFORMANCE OF A LOW-INTENSITY LED DRIVER FOR DETECTOR STUDY PURPOSES}},
    year = {2016},
    booktitle = {RAD Conference Proceedings},
    author = {Georgiev, G and Kozhuharov, V and Tsankov, L},
    pages = {90--94},
    volume = {1},
    url = {www.rad-proceedings.org},
    keywords = {10, 2016, 21, 21175, doi, led generator, photo detectors, radproc, scintillation detectors, short light pulses}
}

@techreport{PuenteH,
    title = {{Design of a Driver IC- IR2110 for MOSFET in Half Bridge Drive}},
    year = {2016},
    author = {TRIVEDI, PALAK},
    number = {January},
    institution = {GUJARAT TECHNOLOGICAL UNIVERSITY, AHMEDABAD}
}

@article{Electronica_Amiga,
    title = {{Digital electronics for the Pierre Auger Observatory AMIGA muon counters}},
    year = {2014},
    journal = {Journal of Instrumentation},
    author = {Wainberg, O and Almela, A and Platino, M and Sanchez, F and Suarez, F and Lucero, A and Videla, M and Wundheiler, B and Melo, D and Hampel, M R and Etchegoyen, A},
    number = {04},
    pages = {T04003-T04003},
    volume = {9},
    doi = {10.1088/1748-0221/9/04/T04003},
    issn = {1748-0221}
}

@phdthesis{bipotenciostato,
    title = {{Dise{\~{n}}o, simulaci{\'{o}}n y caracterizaci{\'{o}}n de un bipotenciostato de precisi{\'{o}}n}},
    year = {2012},
    author = {Cala Rodriguez, Jairo Augusto},
    school = {Universidad Industrial de Santander}
}

@unpublished{Driver_mppc,
    title = {{Driver circuit for MPPC {\textregistered}}},
    year = {2016},
    author = {Photonics, Hamamatsu},
    pages = {1--7}
}

@phdthesis{Tesis_adriana,
    title = {{Estimaci{\'{o}}n de la respuesta generada por el detector MuTe al paso de part{\'{i}}culas cargadas}},
    year = {2018},
    author = {V{\'{A}}SQUEZ, Adriana},
    school = {Universidad Industrial de Santander}
}

@misc{MuTe_mec,
    title = {{Estructura del telescopio – MuTe}},
    year = {2019},
    author = {Pisco, Jhonattan},
    url = {https://halley.uis.edu.co/fuego/el-telescopio-de-muones/estructura-del-telescopio/}
}

@book{Tavenier_Book,
    title = {{Experimental Techniques in Nuclear and Particle Physics}},
    year = {2013},
    booktitle = {Journal of Chemical Information and Modeling},
    author = {Tavenier, Stefaaan},
    number = {9},
    pages = {1689--1699},
    volume = {53},
    isbn = {9788578110796},
    doi = {10.1017/CBO9781107415324.004},
    issn = {1098-6596},
    pmid = {25246403},
    arxivId = {arXiv:1011.1669v3},
    keywords = {icle}
}

@misc{FirstFOPDT,
    title = {{First Order Plus Dead Time (FOPDT)}},
    url = {https://apmonitor.com/pdc/index.php/Main/FirstOrderSystems}
}

@book{Book_razavi,
    title = {{Fundamentals of microelectronics}},
    year = {2006},
    author = {Razavi, Behzad.},
    pages = {767},
    publisher = {Wiley},
    isbn = {047007292X}
}

@misc{Pulses_CFA,
    title = {{Generating of short pulses with high amplitudes by using of standard Current-Feedback-Amplifier.}},
    year = {2016},
    author = {Zantis, Franz Peter and Tu, Dipl},
    pages = {1--11}
}

@article{Intro_SIPM_Sensl,
    title = {{Introduction to the SPM An Introduction to the Silicon Photomultiplier Photon Detection with Silicon Photomultipliers}},
    year = {2011},
    journal = {SensL},
    author = {Photodiode, Avalanche},
    pages = {1--8}
}

@article{ionization_rate,
    title = {{Ionization Rates for Electrons and Holes in Silicon}},
    year = {1958},
    journal = {Physical Review},
    author = {Chynoweth, A. G.},
    number = {5},
    month = {3},
    pages = {1537--1540},
    volume = {109},
    publisher = {American Physical Society},
    url = {https://link.aps.org/doi/10.1103/PhysRev.109.1537},
    doi = {10.1103/PhysRev.109.1537},
    issn = {0031-899X}
}

@article{SiPM_Lidar,
    title = {{Lidar with SiPM: Some capabilities and limitations in real environment}},
    year = {2013},
    journal = {Optics and Laser Technology},
    author = {Agishev, Ravil and Comer{\'{o}}n, Adolfo and Bach, Jordi and Rodriguez, Alejandro and Sicard, Michaël and Riu, Jordi and Royo, Santiago},
    number = {July},
    pages = {86--90},
    volume = {49},
    doi = {10.1016/j.optlastec.2012.12.024},
    issn = {00303992},
    keywords = {Lidar, PMT, SiPM}
}

@inproceedings{peltier_theory,
    title = {{Linear theory of thermoelectric cooling}},
    year = {2005},
    booktitle = {ICT 2005. 24th International Conference on Thermoelectrics, 2005.},
    author = {Gurevich, Yu.G. and Logvinov, G.N.},
    number = {5},
    pages = {480--483},
    volume = {53},
    publisher = {IEEE},
    url = {http://ieeexplore.ieee.org/document/1519987/},
    isbn = {0-7803-9552-2},
    doi = {10.1109/ICT.2005.1519987},
    issn = {0035001X},
    keywords = {Peltier effect, Thermoelectric cooling, Thermoelectricity}
}

@misc{lm35,
    title = {{LM35 Precision Centigrade Temperature Sensors Precision Centigrade Temperature Sensors}},
    year = {2016},
    booktitle = {Lm 35},
    author = {Texas Instruments incorporate, Ltda},
    number = {Agosto},
    pages = {1--13},
    isbn = {1879-0720 (Electronic){\textbackslash}r0928-0987 (Linking)},
    doi = {10.1016/j.ejps.2009.01.006},
    issn = {09280987},
    pmid = {19429418},
    keywords = {Appliances, Battery Management, HVAC, Power Supplies}
}

@book{low_level,
    title = {{Low Level Measurements Handbook}},
    year = {2004},
    author = {{Keithley}},
    editor = {Instruments, Keithley},
    edition = {6th}
}

@phdthesis{tesis_caract_SIPM,
    title = {{Measurements of silicon photomultipliers at different operating points and simulation with GEANT4}},
    year = {2012},
    booktitle = {Physics},
    author = {K{\"{u}}nsken, Andreas},
    number = {November},
    school = {Aachen University}
}

@unpublished{Measuring_ectr_opti_SIPM_hamamatsu,
    title = {{Measuring the electrical and optical properties of the MPPC silicon photomultiplier | Hamamatsu Photonics}},
    year = {2014},
    author = {Slawomir, Piatek},
    url = {http://www.hamamatsu.com/jp/en/community/optical_sensors/articles/measuring_characteristics_of_mppc/index.html},
    institution = {Hamamatsu New Jersey Institute of Technology}
}

@misc{Measuring_MPPC,
    title = {{Measuring the electrical and optical properties of the MPPC silicon photomultiplier | Hamamatsu Photonics}},
    year = {2014},
    author = {Slawomir, Piatek}
}

@unpublished{CPTA_data,
    title = {{Metal-Resistor-Semiconductor Geiger gain Avalanche Photo Diode (MRSG APD)}},
    year = {2018},
    author = {{CPTA}},
    pages = {1--2},
    url = {http://www.cpta-apd.ru},
    institution = {Centre of perspective technology and apparatus}
}

@article{SiPM_bio2,
    title = {{Microfluidic MEMS hand-held flow cytometer}},
    year = {2011},
    journal = {Microfluidics, BioMEMS, and Medical Microsystems IX},
    author = {Grafton, Meggie M. G. and Maleki, Teimour and Zordan, Michael D. and Reece, Lisa M. and Byrnes, Ron and Jones, Alan and Todd, Paul and Leary, James F.},
    pages = {79290C},
    volume = {7929},
    doi = {10.1117/12.874299}
}

@article{minimute,
    title = {{miniMuTe: A muon telescope prototype for studying volcanic structures with cosmic ray flux.}},
    year = {2018},
    journal = {Scientia et technica},
    author = {Rodr{\'{i}}guez, Jesus Peña},
    number = {3},
    month = {12},
    pages = {386--390},
    volume = {23},
    url = {http://revistas.utp.edu.co/index.php/revistaciencia/article/view/17501},
    doi = {10.22517/23447214.17501},
    issn = {2344-7214},
    keywords = {Cherenkov, Muon Telescope, Silicon Photomultiplier, hodoscope, muography, scintillator, volcanoe}
}

@unpublished{Sipm_S13360_1350CS_datasheet,
    title = {{MPPC ( Multi-Pixel Photon Counter ) MPPCs for precision measurement}},
    year = {2016},
    author = {{Hamamatsu photonics}},
    pages = {1--12}
}

@unpublished{MPPC_note,
    title = {{MPPC Technical note}},
    year = {2017},
    author = {Sato, K and Enomoto, Y and Adachi, Y},
    pages = {1--65}
}

@article{Muon_counting_Amiga,
    title = {{Muon counting using silicon photomultipliers in the AMIGA detector of the Pierre Auger observatory}},
    year = {2017},
    journal = {Journal of Instrumentation},
    author = {Aab, A. and Abreu, P. and Aglietta, M. and Ahn, E.J.},
    number = {03},
    pages = {P03002-P03002},
    volume = {12},
    doi = {10.1088/1748-0221/12/03/P03002},
    issn = {1748-0221},
    arxivId = {arXiv:1703.06193v1}
}

@article{Mute_oficial,
    title = {{MUTE: design and construction of a muon telescope for the study of the colombian volcanos}},
    year = {2018},
    journal = {En preparaci{\'{o}}n},
    author = {Asorey, H. and Calder{\'{o}}n-Ardila, R. and Nu{\~{n}}ez, L. A. and Pe{\~{n}}a-Rodr{\'{i}}guez, J. and Pisco-Guabave, J. and Sanabria-G{\'{o}}mez, J.D. and Sierra-Porta, D. and Su{\'{a}}rez-Dur{\'{a}}n, M. and V{\'{a}}squez., A.}
}

@article{peltier_physical_principles,
    title = {{New physical principles of contact thermoelectric cooling}},
    year = {2002},
    journal = {Surface Review and Letters},
    author = {Gurevich, Yu G and Logvinov, G N and Titov, O Yu and Giraldo, J},
    month = {2},
    pages = {8},
    volume = {9},
    url = {http://arxiv.org/abs/cond-mat/0202081},
    isbn = {0218-625X},
    doi = {10.1142/S0218625X02004256},
    issn = {0218-625X},
    arxivId = {cond-mat/0202081},
    keywords = {degenerate semiconductors, electrical contacts, p n junctions, peltier effect, semiconductor metal boundaries, surface recombination, two dimensional electron gas, two dimensional hole gas, work function}
}

@unpublished{OPA_4228,
    title = {{OPAx22x High Precision, Low Noise OPERATIONAL AMPLIFIERS}},
    year = {2005},
    booktitle = {Current},
    author = {{Texas Instruments}},
    number = {1},
    keywords = {SBOS110, SBOS110B}
}

@book{Particle_detectors_Book,
    title = {{Particle detectors}},
    year = {2000},
    booktitle = {Reports on Progress in Physics},
    author = {Fabjan, C W and Fischer, H G},
    number = {8},
    pages = {1003--1063},
    volume = {43},
    isbn = {9780521840064},
    doi = {10.1088/0034-4885/43/8/002},
    issn = {0034-4885}
}

@book{Astrom,
    title = {{PID controllers}},
    year = {1995},
    author = {Åström, Karl J. (Karl Johan) and Hägglund, Tore. and Åström, Karl J. (Karl Johan)},
    pages = {343},
    publisher = {International Society for Measurement and Control},
    isbn = {1556175167}
}

@unpublished{Suply_mppc,
    title = {{Power supply for MPPC {\textregistered}}},
    year = {2019},
    author = {Photonics, Hamamatsu},
    pages = {1--6}
}

@article{Muon_detector_Amiga,
    title = {{Prototype muon detectors for the AMIGA component of the Pierre Auger Observatory}},
    year = {2016},
    journal = {Journal of Instrumentation},
    author = {Collaboration, Pierre Auger and Collaboration, Pierre Auger and Dembinski, Hans P and Billoir, Pierre},
    number = {02},
    pages = {P02012-P02012},
    volume = {11},
    doi = {10.1088/1748-0221/11/02/P02012},
    issn = {1748-0221}
}

@article{FOPDT,
    title = {{Representaci{\'{o}}n Can{\'{o}}nica en Variables de Estado Observador para Sistemas con Retardo de Tiempo}},
    year = {2011},
    author = {Jim{\'{e}}nez, O and Quiroz, M A and Mondrag{\'{o}}n, M A and V{\'{a}}zquez, R and Superior, Escuela and Mec{\'{a}}nica, De Ingeniería and Culhuac{\'{a}}n, Campus},
    number = {2},
    pages = {495--500},
    keywords = {a, campus culhuac{\'{a}}n, con retardo de tiempo, escuela superior de ingenier{\'{i}}a, i p n, jim{\'{e}}nez, m, mec{\'{a}}nica y el{\'{e}}ctrica, mondrag{\'{o}}n, o, quiroz, r, v{\'{a}}zquez}
}

@incollection{Apd_Hamamatsu,
    title = {{Si APD, MPPC}},
    year = {2017},
    booktitle = {Solid State Photomultipliers},
    author = {{Hamamatsu photonics}},
    editor = {Dai Nippon Printing Co., Ltd},
    chapter = {3},
    publisher = {Hamamatsu Photonics K.K.},
    keywords = {SSPM, Si-PM}
}

@article{SiPM_bio,
    title = {{Silicon photomultiplier (SPM) detection of low-level bioluminescence for the development of deployable whole-cell biosensors: Possibilities and limitations}},
    year = {2012},
    journal = {Biosensors and Bioelectronics},
    author = {Li, Huaqing and Lopes, Nicholas and Moser, Scott and Sayler, Gary and Ripp, Steven},
    number = {1},
    pages = {299--303},
    volume = {33},
    publisher = {Elsevier B.V.},
    url = {http://dx.doi.org/10.1016/j.bios.2012.01.008},
    doi = {10.1016/j.bios.2012.01.008},
    issn = {09565663},
    keywords = {Bacterial bioluminescence, Bioreporter, Photomultiplier tube, Silicon photomultiplier, Thermoelectric cooler}
}

@article{pCT_fermilab,
    title = {{Silicon Photomultiplier Choice for the Scintillating Fiber Tracker in Second Generation Proton Computed Tomography Scanner}},
    year = {2012},
    journal = {Fermilab-Pub},
    author = {Gearhart, A and Johnson, E and Medvedev, V and Ronzhin, A and Rykalin, V},
    pages = {1--14}
}

@book{tomasi,
    title = {{Sistemas de comunicaciones electrónicas}},
    year = {1996},
    author = {Tomasi, Wayne. and García Bisogmo, Virgilo},
    edition = {1a. ed. en},
    publisher = {Prentice Hall},
    url = {https://www.worldcat.org/title/sistemas-de-comunicaciones-electronicas/oclc/778579213},
    address = {México},
    isbn = {9789688806746}
}

@article{noise_source,
    title = {{Source resistance and noise considerations in amplifiers}},
    year = {2012},
    author = {Instruments, Texas and Slyt, Incorporated},
    keywords = {SLYT470}
}

@phdthesis{Study_SiPM,
    title = {{Study of Silicon Photomultipliers}},
    year = {2004},
    author = {Barral, Joëlle},
    number = {July},
    school = {Ecole Polytechnique}
}

@article{study_break_voltage_SIPM,
    title = {{Study of the breakdown voltage of SiPMs}},
    year = {2017},
    journal = {Nuclear Instruments and Methods in Physics Research Section A: Accelerators, Spectrometers, Detectors and Associated Equipment},
    author = {Chmill, V. and Garutti, E. and Klanner, R. and Nitschke, M. and Schwandt, J.},
    month = {2},
    pages = {56--59},
    volume = {845},
    publisher = {Elsevier},
    url = {http://linkinghub.elsevier.com/retrieve/pii/S016890021630256X},
    doi = {10.1016/j.nima.2016.04.047},
    issn = {01689002},
    arxivId = {1605.01692},
    keywords = {Avalanche multiplication, Breakdown voltage, Silicon photomultiplier}
}

@article{Study_SiPM_FBK,
    title = {{Study of the photo-detection efficiency of FBK High-Density silicon photomultipliers}},
    year = {2016},
    journal = {Journal of Instrumentation},
    author = {Acerbi, F and Keeler, J E and Ferri, Alessandro and Gola, Alberto and Siminfar, A R and Shoaei, O},
    doi = {10.1088/1748-0221/11/11/P11010}
}

@book{w_Leo_Book,
    title = {{Techniques for Nuclear and Particle Physics Experiments}},
    year = {1987},
    booktitle = {Springer-Verlag},
    author = {Leo, WR},
    pages = {1--377},
    isbn = {978-3-540-57280-0},
    doi = {10.1007/978-3-642-57920-2},
    issn = {00029505},
    pmid = {15003161},
    arxivId = {arXiv:1011.1669v3}
}

@phdthesis{Detectores_silicio,
    title = {{Tecnolog{\'{i}}a de detectores de part{\'{i}}culas de silicio resistentes a la radiaci{\'{o}}n}},
    year = {2006},
    author = {Corral, Celeste Fleta}
}

@article{Temp_dependencia_APD,
    title = {{Temperature dependent characteristics of submicron GaAs avalanche photodiodes obtained by a nonlocal analysis}},
    year = {2009},
    journal = {Optics Communications},
    author = {Masudy-Panah, S. and Moravvej-Farshi, M.K. and Jalali, M.},
    number = {17},
    month = {9},
    pages = {3630--3636},
    volume = {282},
    publisher = {North-Holland},
    url = {https://www.sciencedirect.com/science/article/pii/S0030401809005136},
    doi = {10.1016/J.OPTCOM.2009.05.048},
    issn = {0030-4018}
}

@article{muon,
    title = {{The Speed and Lifetime of Cosmic Ray Muons}},
    year = {2007},
    author = {Liu, Lulu and Pablo, Partner},
    pages = {1--2}
}

@unpublished{datasheet_Peltier,
    title = {{Thermoelectric Cooler TEC1-12706}},
    year = {2012},
    author = {{Hebei l.T Shanghai Co.}},
    pages = {1--3},
    url = {www.hebeiltd.com.cn}
}

@article{PID_arduino,
    title = {{Understanding and Design of an Arduino-based PID Controller Understanding and Design of an Arduino- based PID Controller}},
    year = {2016},
    author = {Bista, Dinesh}
}